%% This BibTeX bibliography file was created using BibDesk.
%% http://bibdesk.sourceforge.net/


%% Created for Michael D Jones at 2014-09-10 14:21:21 -0700 


%% Saved with string encoding Unicode (UTF-8) 

@string{lncs = {Lecture Notes in Computer Science}}

@string{procecoop = {Proceedings of the European Conference on Object-Oriented Programming ({ECOOP})}}

@book{lamport-1994-ladps,
	Author = {Lamport, Leslie},
	Booktitle = {\LaTeX: A Document Preparation System},
	Edition = 2,
	Isbn = 0201529831,
	Publisher = {Addison-Wesley},
	Title = {\LaTeX: A Document Preparation System},
	Year = 1994}

@book{bringhurst-2002-teots,
	Author = {Bringhurst, Robert},
	Booktitle = {The Elements of Typographic Style},
	Edition = {2.5},
	Isbn = 0881791326,
	Publisher = {Hartley \& Marks},
	Title = {The Elements of Typographic Style},
	Year = 2002}

@inproceedings{kiczales-1997-aop,
	Author = {Kiczales, Gregor and Lamping, John and Mendhekar, Anurag and Maeda, Chris and Lopes, Cristina and Loingtier, Jean-Marc and Irwin, John},
	Booktitle = procecoop,
	Online = {http://www.parc.xerox.com/csl/groups/sda/pubs/papers/Kiczal es-ECOOP97/for-web.pdf},
	Pages = {220--242},
	Series = lncs,
	Title = {Aspect-Oriented Programming},
	Volume = 2591,
	Year = 1997}

@article{jones2010vivo,
	Author = {Jones, Michael D and Tran, Charles W and Li, Guang and Maksymowych, Walter P and Zernicke, Ronald F and Doschak, Michael R},
	Journal = {Arthritis \& Rheumatism},
	Number = {9},
	Pages = {2726--2735},
	Publisher = {Wiley Online Library},
	Shortjournal = {Arth. Rheu.},
	Title = {\textit{In vivo} microfocal computed tomography and micro--magnetic resonance imaging evaluation of antiresorptive and antiinflammatory drugs as preventive treatments of osteoarthritis in the rat},
	Volume = {62},
	Year = {2010}}

@article{hutners,
	Author = {Cohen-Bazire, Germaine and Sistrom, WR and Stanier, RY},
	Issn = {1553-0809},
	Journal = {Journal of Cellular and Comparative Physiology},
	Shortjournal = {J Cell Comp Physiol},
	Number = {1},
	Pages = {25--68},
	Title = {Kinetic studies of pigment synthesis by non‚Äêsulfur purple bacteria},
	Type = {Journal Article},
	Volume = {49},
	Year = {1957}}

@article{blighdyer,
  	title={A rapid method of total lipid extraction and purification},
  	author={Bligh, E Graham and Dyer, W Justin},
  	journal={Canadian journal of biochemistry and physiology},
  	Shortjournal = {Can J Biochem Physiol},
  	volume={37},
  	number={8},
 	pages={911--917},
  	year={1959},
  	publisher={NRC Research Press}}

@article{laemmli,
	Author = {Laemmli, Ulrich K},
	Issn = {0028-0836},
	Journal = {nature},
	Shortjournal = {Nature},
	Number = {5259},
	Pages = {680--685},
	Title = {Cleavage of structural proteins during the assembly of the head of bacteriophage T4},
	Type = {Journal Article},
	Volume = {227},
	Year = {1970}}

@article{elyjohnson77,
	Author = {Ely, Bert and Johnson, Reid C},
	Issn = {0016-6731},
	Journal = {Genetics},
	Shortjournal = {Genetics},
	Number = {3},
	Pages = {391--399},
	Title = {Generalized transduction in \textit{Caulobacter crescentus}},
	Type = {Journal Article},
	Volume = {87},
	Year = {1977}}

@article{smitpilin81,
	Author = {Smit, John and Hermodson, Mark and Agabian, Nina},
	Issn = {0021-9258},
	Journal = {Journal of Biological Chemistry},
	Shortjournal = {J Biol Chem},
	Number = {6},
	Pages = {3092--3097},
	Title = {\textit{Caulobacter crescentus} pilin. Purification, chemical characterization, and NH2-terminal amino acid sequence of a structural protein regulated during development},
	Type = {Journal Article},
	Volume = {256},
	Year = {1981}}

@book{maniatis,
	Author = {Maniatis, Tom and Fritsch, Edward F and Sambrook, Joseph},
	Publisher = {Cold Spring Harbor, NY},
	Title = {Molecular cloning: a laboratory manual},
	Type = {Book},
	Volume = {545},
	Year = {1982}}

@incollection{marescau92,
 	 title={Guanidino compounds in hyperargininemia},
  	author={Marescau, B and Lowenthal, A and Terheggen, HG and Esmans, E and Alderweireldt, F},
  	booktitle={Urea Cycle Diseases},
  	pages={427--434},
  	year={1982},
  	publisher={Springer}}

@article{ciucanufrancisc,
	Author = {Ciucanu, Ionel and Kerek, Francisc},
	Journal = {Carbohydrate Research},
	Shortjournal = {Carbohyd Res},
	Number = {2},
	Pages = {209--217},
	Title = {A simple and rapid method for the permethylation of carbohydrates.},
	Type = {Journal Article},
	Volume = {131},
	Year = {1984}}

@article{ravenscrofteps,
	Author = {Ravenscroft, N. and Walker, S. G. and Dutton, G. G. and Smit, J.},
	Issn = {0021-9193 (Print) 0021-9193 (Linking)},
	Journal = {Journal of Bacteriology},
	Shortjournal = {J Bacteriol},
	Number = {18},
	Pages = {5677--5684},
	Title = {Identification, isolation, and structural studies of extracellular polysaccharides produced by \textit{Caulobacter crescentus}},
	Type = {Journal Article},
	Url = {http://www.ncbi.nlm.nih.gov/entrez/query.fcgi?cmd=Retrieve&db=PubMed&dopt=Citation&list_uids=1885545},
	Volume = {173},
	Year = {1991},
	Bdsk-Url-1 = {http://www.ncbi.nlm.nih.gov/entrez/query.fcgi?cmd=Retrieve&db=PubMed&dopt=Citation&list_uids=1885545}}

@article{ravenscroftlps,
	Author = {Ravenscroft, N. and Walker, S. G. and Dutton, G. G. and Smith, J.},
	Issn = {0021-9193 (Print) 0021-9193 (Linking)},
	Journal = {Journal of Bacteriology},
	Shortjournal = {J Bacteriol},
	Number = {23},
	Pages = {7595--7605},
	Title = {Identification, isolation, and structural studies of the outer membrane lipopolysaccharide of \textit{Caulobacter crescentus}},
	Type = {Journal Article},
	Url = {http://www.ncbi.nlm.nih.gov/entrez/query.fcgi?cmd=Retrieve&db=PubMed&dopt=Citation&list_uids=1447131},
	Volume = {174},
	Year = {1992},
	Bdsk-Url-1 = {http://www.ncbi.nlm.nih.gov/entrez/query.fcgi?cmd=Retrieve&db=PubMed&dopt=Citation&list_uids=1447131}}

@article{rhizobiumlps,
	Author = {Zhang, Y. and Hollingsworth, R. I. and Priefer, U. B.},
	Issn = {0008-6215},
	Journal = {Carbohydrate Research},
	Shortjournal = {Carbohyd Res},
	Pages = {261--271},
	Title = {Characterization of Structural Defects in the Lipopolysaccharides of Symbiotically Impaired \textit{Rhizobium-Leguminosarum} Biovar Viciae Vf-39 Mutants},
	Type = {Journal Article},
	Url = {<Go to ISI>://WOS:A1992JF92500024},
	Volume = {231},
	Year = {1992},
	Bdsk-Url-1 = {%3CGo%20to%20ISI%3E://WOS:A1992JF92500024},
	Bdsk-Url-2 = {http://dx.doi.org/10.1016/0008-6215(92)84024-M}}

@article{walker94,
	Author = {Walker, Stephen G and Karunaratne, D Nedra and Ravenscroft, Neil and Smit, John},
	Issn = {0021-9193},
	Journal = {Journal of Bacteriology},
	Shortjournal = {J Bacteriol},
	Number = {20},
	Pages = {6312--6323},
	Title = {Characterization of mutants of \textit{Caulobacter crescentus} defective in surface attachment of the paracrystalline surface layer},
	Type = {Journal Article},
	Volume = {176},
	Year = {1994}}

@article{uchino95,
	Author = {Uchino, T. and Snyderman, S. E. and Lambert, M. and Qureshi, I. A. and Shapira, S. K. and Sansaricq, C. and Smit, L. M. E. and Jakobs, C. and Matsuda, I.},
	Issn = {0340-6717},
	Journal = {Human Genetics},
	Shortjournal = {Hum Genet},
	Number = {3},
	Pages = {255--260},
	Title = {Molecular-Basis of Phenotypic Variation in Patients with Argininemia},
	Type = {Journal Article},
	Url = {<Go to ISI>://A1995RQ45400001},
	Volume = {96},
	Year = {1995},
	Bdsk-Url-1 = {%3CGo%20to%20ISI%3E://A1995RQ45400001}}

@article{acinetobacterlps,
	Author = {Vinogradov, E. V. and Bock, K. and Petersen, B. O. and Holst, O. and Brade, H.},
	Issn = {0014-2956},
	Journal = {European Journal of Biochemistry},
	Shortjournal = {Eur J Biochem},
	Number = {1-2},
	Pages = {122--127},
	Title = {The structure of the carbohydrate backbone of the lipopolysaccharide from \textit{Acinetobacter} strain ATCC 17905},
	Type = {Journal Article},
	Url = {<Go to ISI>://WOS:A1997WE13200016},
	Volume = {243},
	Year = {1997},
	Bdsk-Url-1 = {%3CGo%20to%20ISI%3E://WOS:A1997WE13200016},
	Bdsk-Url-2 = {http://dx.doi.org/10.1111/J.1432-1033.1997.0122a.X}}

@article{awramabctransport,
	Author = {Awram, Peter and Smit, John},
	Issn = {0021-9193 (Print) 0021-9193 (Linking)},
	Journal = {Journal of Bacteriology},
	Shortjournal = {J Bacteriol},
	Number = {12},
	Pages = {3062--3069},
	Title = {The \textit{Caulobacter crescentus} paracrystalline S-layer protein is secreted by an \textsc{abc} transporter (type I) secretion apparatus},
	Type = {Journal Article},
	Url = {http://www.ncbi.nlm.nih.gov/entrez/query.fcgi?cmd=Retrieve&db=PubMed&dopt=Citation&list_uids=9620954},
	Volume = {180},
	Year = {1998},
	Bdsk-Url-1 = {http://www.ncbi.nlm.nih.gov/entrez/query.fcgi?cmd=Retrieve&db=PubMed&dopt=Citation&list_uids=9620954}}

@article{awramgenes,
	Author = {Awram, Peter and Smit, John},
	Issn = {1350-0872 (Print) 1350-0872 (Linking)},
	Journal = {Microbiology},
	Shortjournal = {Microbiology},
	Number = {Pt 6},
	Pages = {1451--1460},
	Title = {Identification of lipopolysaccharide O-antigen synthesis genes required for attachment of the S-layer of \textit{Caulobacter crescentus}},
	Type = {Journal Article},
	Url = {http://www.ncbi.nlm.nih.gov/entrez/query.fcgi?cmd=Retrieve&db=PubMed&dopt=Citation&list_uids=11390676},
	Volume = {147},
	Year = {2001},
	Bdsk-Url-1 = {http://www.ncbi.nlm.nih.gov/entrez/query.fcgi?cmd=Retrieve&db=PubMed&dopt=Citation&list_uids=11390676}}

@article{lpsreview02,
	Author = {Raetz, C. R. H. and Whitfield, C.},
	Issn = {0066-4154},
	Journal = {Annual Review of Biochemistry},
	Shortjournal = {Annu Rev Biochem},
	Pages = {635--700},
	Title = {Lipopolysaccharide endotoxins},
	Type = {Journal Article},
	Volume = {71},
	Year = {2002}
	}

@article{sap,
	Author = {Umelo-Njaka, E. and Bingle, W. H. and Borchani, F. and Le, K. D. and Awram, P. and Blake, T. and Nomellini, J. F. and Smit, J.},
	Issn = {0021-9193 (Print) 0021-9193 (Linking)},
	Journal = {Journal of Bacteriology},
	Shortjournal = {J Bacteriol},
	Number = {10},
	Pages = {2709--2718},
	Title = {\textit{Caulobacter crescentus} synthesizes an S-layer-editing metalloprotease possessing a domain sharing sequence similarity with its paracrystalline S-layer protein},
	Type = {Journal Article},
	Url = {http://www.ncbi.nlm.nih.gov/entrez/query.fcgi?cmd=Retrieve&db=PubMed&dopt=Citation&list_uids=11976300},
	Volume = {184},
	Year = {2002},
	Bdsk-Url-1 = {http://www.ncbi.nlm.nih.gov/entrez/query.fcgi?cmd=Retrieve&db=PubMed&dopt=Citation&list_uids=11976300}}

@article{secretiongenesfwc,
	Author = {Iuga, M. and Awram, P. and Nomellini, J. F. and Smit, J.},
	Issn = {0008-4166 (Print) 0008-4166 (Linking)},
	Journal = {Canadian Journal of Microbiology},
	Shortjournal = {Can J Microbiol},
	Number = {9},
	Pages = {751--766},
	Title = {Comparison of S-layer secretion genes in freshwater caulobacters},
	Type = {Journal Article},
	Url = {http://www.ncbi.nlm.nih.gov/entrez/query.fcgi?cmd=Retrieve&db=PubMed&dopt=Citation&list_uids=15644930},
	Volume = {50},
	Year = {2004},
  }

@article{rsaf,
	Author = {Toporowski, M. C. and Nomellini, J. F. and Awram, P. and Smit, J.},
	Issn = {0021-9193 (Print) 0021-9193 (Linking)},
	Journal = {Journal of Bacteriology},
	Shortjournal = {J Bacteriol},
	Number = {23},
	Pages = {8000--8009},
	Title = {Two outer membrane proteins are required for maximal type I secretion of the \textit{Caulobacter crescentus} S-layer protein},
	Type = {Journal Article},
	Url = {http://www.ncbi.nlm.nih.gov/entrez/query.fcgi?cmd=Retrieve&db=PubMed&dopt=Citation&list_uids=15547272},
	Volume = {186},
	Year = {2004},
	Bdsk-Url-1 = {http://www.ncbi.nlm.nih.gov/entrez/query.fcgi?cmd=Retrieve&db=PubMed&dopt=Citation&list_uids=15547272},
	Bdsk-Url-2 = {http://dx.doi.org/186/23/8000%20%5Bpii%5D%2010.1128/JB.186.23.8000-8009.2004}}

@article{regulationoftype1,
	Author = {Toporowski, M. C. and Nomellini, J. F. and Awram, P. and Levi, A. and Smit, J.},
	Issn = {0378-1097 (Print) 0378-1097 (Linking)},
	Journal = {FEMS Microbiology Letters},
	Shortjournal = {FEMS Microbiol Lett},
	Number = {1},
	Pages = {29--36},
	Title = {Transcriptional regulation of the S-layer protein type I secretion system in \textit{Caulobacter crescentus}},
	Type = {Journal Article},
	Url = {http://www.ncbi.nlm.nih.gov/entrez/query.fcgi?cmd=Retrieve&db=PubMed&dopt=Citation&list_uids=16111836},
	Volume = {251},
	Year = {2005},
	Bdsk-Url-1 = {http://www.ncbi.nlm.nih.gov/entrez/query.fcgi?cmd=Retrieve&db=PubMed&dopt=Citation&list_uids=16111836},
	Bdsk-Url-2 = {http://dx.doi.org/0378-1097(05)00489-1%20%5Bpii%5D%2010.1016/j.femsle.2005.07.028}}

@article{caulobacterlipida,
	Author = {Smit, John and Kaltashov, Igor A and Cotter, Robert J and Vinogradov, Evgeny and Perry, Malcolm B and Haider, Hibba and Qureshi, Nilofer},
	Issn = {1753-4259},
	Journal = {Innate Immunity},
	Shortjournal = {Innate Immun},
	Number = {1},
	Pages = {25--36},
	Title = {Structure of a novel lipid A obtained from the lipopolysaccharide of \textit{Caulobacter crescentus}},
	Type = {Journal Article},
	Volume = {14},
	Year = {2008}}

@article{slayercryo,
	Author = {Amat, F. and Comolli, L. R. and Nomellini, J. F. and Moussavi, F. and Downing, K. H. and Smit, J. and Horowitz, M.},
	Issn = {1098-5530 (Electronic) 0021-9193 (Linking)},
	Journal = {Journal of Bacteriology},
	Shortjournal = {J Bacteriol},
	Number = {22},
	Pages = {5855--5865},
	Title = {Analysis of the intact surface layer of \textit{Caulobacter crescentus} by cryo-electron tomography},
	Type = {Journal Article},
	Url = {http://www.ncbi.nlm.nih.gov/entrez/query.fcgi?cmd=Retrieve&db=PubMed&dopt=Citation&list_uids=20833802},
	Volume = {192},
	Year = {2010},
	Bdsk-Url-1 = {http://www.ncbi.nlm.nih.gov/entrez/query.fcgi?cmd=Retrieve&db=PubMed&dopt=Citation&list_uids=20833802},
	Bdsk-Url-2 = {http://dx.doi.org/00747-10%20%5Bpii%5D%2010.1128/JB.00747-10}}

@article{lpsinterferecrescentin,
	Author = {Cabeen, Matthew T and Murolo, Michelle A and Briegel, Ariane and Bui, N Khai and Vollmer, Waldemar and Ausmees, Nora and Jensen, Grant J and Jacobs-Wagner, Christine},
	Issn = {0021-9193},
	Journal = {Journal of Bacteriology},
	Shortjournal = {J Bacteriol},
	Number = {13},
	Pages = {3368--3378},
	Title = {Mutations in the lipopolysaccharide biosynthesis pathway interfere with crescentin-mediated cell curvature in \textit{Caulobacter crescentus}},
	Type = {Journal Article},
	Volume = {192},
	Year = {2010}}

@article{na1000genome,
	Author = {Marks, M. E. and Castro-Rojas, C. M. and Teiling, C. and Du, L. and Kapatral, V. and Walunas, T. L. and Crosson, S.},
	Issn = {1098-5530 (Electronic) 0021-9193 (Linking)},
	Journal = {Journal of Bacteriology},
	Shortjournal = {J Bacteriol},
	Number = {14},
	Pages = {3678--3688},
	Title = {The genetic basis of laboratory adaptation in \textit{Caulobacter crescentus}},
	Type = {Journal Article},
	Url = {http://www.ncbi.nlm.nih.gov/pubmed/20472802},
	Volume = {192},
	Year = {2010},
	Bdsk-Url-1 = {http://www.ncbi.nlm.nih.gov/pubmed/20472802},
	Bdsk-Url-2 = {http://dx.doi.org/10.1128/JB.00255-10}}

@article{dipm,
	Author = {Moll, A. and Schlimpert, S. and Briegel, A. and Jensen, G. J. and Thanbichler, M.},
	Issn = {0950-382X},
	Journal = {Molecular Microbiology},
	Shortjournal = {Mol Microbiol},
	Number = {1},
	Pages = {90--107},
	Title = {DipM, a new factor required for peptidoglycan remodelling during cell division in \textit{Caulobacter crescentus}},
	Type = {Journal Article},
	Url = {<Go to ISI>://WOS:000279168200009},
	Volume = {77},
	Year = {2010},
	Bdsk-Url-1 = {%3CGo%20to%20ISI%3E://WOS:000279168200009},
	Bdsk-Url-2 = {http://dx.doi.org/10.1111/J.1365-2958.2010.07224.X}}

@article{lpxi,
	Author = {Metzger IV, Louis E and Lee, John K and Finer-Moore, Janet S and Raetz, Christian RH and Stroud, Robert M},
	Issn = {1545-9993},
	Journal = {Nature structural \& molecular biology},
	Shortjournal = {Nat Struct Mol Biol},
	Number = {11},
	Pages = {1132--1138},
	Title = {LpxI structures reveal how a lipid A precursor is synthesized},
	Type = {Journal Article},
	Volume = {19},
	Year = {2012}}

@article{perosmineacetyltransferase,
	Author = {Thoden, James B and Reinhardt, Laurie A and Cook, Paul D and Menden, Patrick and Cleland, WW and Holden, Hazel M},
	Issn = {0006-2960},
	Journal = {Biochemistry},
	Shortjournal = {Biochemistry},
	Number = {16},
	Pages = {3433--3444},
	Title = {Catalytic Mechanism of Perosamine N-Acetyltransferase Revealed by High-Resolution X-ray Crystallographic Studies and Kinetic Analyses},
	Type = {Journal Article},
	Volume = {51},
	Year = {2012}}

@article{improvedsilverstain,
	Author = {Zhu, Zhong-Xin and Cong, Wei-Tao and Ni, Mao-Wei and Wang, Xi and Ma, Wei-De and Ye, Wei-Jian and Jin, Li-Tai and Li, Xiao-Kun},
	Issn = {1522-2683},
	Journal = {Electrophoresis},
	Shortjournal = {Electrophoresis},
	Number = {7},
	Pages = {1220--1223},
	Title = {An improved silver stain for the visualization of lipopolysaccharides on polyacrylamide gels},
	Type = {Journal Article},
	Url = {http://dx.doi.org/10.1002/elps.201100492},
	Volume = {33},
	Year = {2012},
	Bdsk-Url-1 = {http://dx.doi.org/10.1002/elps.201100492}}

@article{hivmicrobicide2,
	Author = {Farr, C. and Nomellini, J. F. and Ailon, E. and Shanina, I. and Sangsari, S. and Cavacini, L. A. and Smit, J. and Horwitz, M. S.},
	Issn = {1932-6203 (Electronic) 1932-6203 (Linking)},
	Journal = {PLoS One},
	Shortjournal = {PLoS One},
	Number = {6},
	Pages = {e65965},
	Title = {Development of an HIV-1 Microbicide Based on : Blocking Infection by High-Density Display of Virus Entry Inhibitors},
	Type = {Journal Article},
	Url = {http://www.ncbi.nlm.nih.gov/entrez/query.fcgi?cmd=Retrieve&db=PubMed&dopt=Citation&list_uids=23840383},
	Volume = {8},
	Year = {2013}}

@article{leive65,
	  title={Release of lipopolysaccharide by \textsc{edta} treatment of \textit{E. coli}},
	  author={Leive, Loretta},
	  journal={Biochemical and biophysical research communications},
	  Shortjournal={Biochem Biophys Res Commun},
	  volume={21},
	  number={4},
	  pages={290--296},
	  year={1965},
	  publisher={Elsevier}
	}
@article{darveauprocedure,
	  title={Procedure for isolation of bacterial lipopolysaccharides from both smooth and rough \textit{Pseudomonas aeruginosa} and \textit{Salmonella typhimurium} strains.},
	  author={Darveau, Richard P. and Hancock, R. E.},
	  journal={Journal of Bacteriology},
	  Shortjournal={J Bacteriol},
	  volume={155},
	  number={2},
	  pages={831--838},
	  year={1983},
	  publisher={Am Soc Microbiol}
	}
@article{nikaido2003molecular,
	  title={Molecular basis of bacterial outer membrane permeability revisited},
	  author={Nikaido, Hiroshi},
	  journal={Microbiology and Molecular Biology Reviews},
	  Shortjournal={Microb Mol Biol Rev},
	  volume={67},
	  number={4},
	  pages={593--656},
	  year={2003},
	  publisher={Am Soc Microbiol}
	}
@article{firstslayer,
	  title={A macromolecular mono-layer in the cell wall of \textit{Spirillum} spec},
	  author={Houwink, AL},
	  journal={Biochimica et biophysica acta},
	  Shortjournal={Biochim Biophys},
	  volume={10},
	  pages={360--366},
	  year={1953},
	  publisher={Elsevier}
	}
@article{sleytr1983crystalline,
	  title={Crystalline surface layers on bacteria},
	  author={Sleytr, Uwe B and Messner, Paul},
	  journal={Annual Reviews in Microbiology},
	  Shortjournal = {Ann Rev Microb},
	  volume={37},
	  number={1},
	  pages={311--339},
	  year={1983},
	}	
@article{holt1969comparative,
	  title={Comparative ultrastructure of selected aerobic spore-forming bacteria: a freeze-etching study.},
	  author={Holt, SC and Leadbetter, ER},
	  journal={Bacteriological reviews},
	  Shortjournal = {Bacteriol Rev},
	  volume={33},
	  number={2},
	  pages={346--378},
	  year={1969},
	  publisher={American Society for Microbiology (ASM)}
	}
@article{smit1982cell,
  title={Cell surface patterning and morphogenesis: biogenesis of a periodic surface array during \textit{Caulobacter} development.},
  author={Smit, John and Agabian, Nina},
  journal={The Journal of cell biology},
  Shortjournal = {J Cell Biol},
  volume={95},
  number={1},
  pages={41--49},
  year={1982},
  publisher={Rockefeller Univ Press}
}
@article{smit1981periodic,
  title={Periodic surface array in \textit{Caulobacter crescentus}: fine structure and chemical analysis.},
  author={Smit, John and Grano, DA and Glaeser, RM and Agabian, N},
  journal={Journal of bacteriology},
 Shortjournal = {J Bacteriol},
  volume={146},
  number={3},
  pages={1135--1150},
  year={1981},
  publisher={Am Soc Microbiol}
}
@article{messner1986characterization,
  title={Characterization of the ultrastructure and the self-assembly of the surface layer of \textit{Bacillus stearothermophilus} strain NRS 2004/3a},
  author={Messner, Paul and Pum, Dietmar and Sleytr, Uwe B},
  journal={Journal of ultrastructure and molecular structure research},
  Shortjournal = {J Ultra Mol Struct Res},
  volume={97},
  number={1},
  pages={73--88},
  year={1986},
  publisher={Elsevier}
}
@article{masuda1980reassembly,
  title={Reassembly of the regularly arranged subunits in the cell wall of \textit{Lactobacillus brevis} and their reattachment to cell walls},
  author={Masuda, Kuniyoshi and Kawata, Tomio},
  journal={Microbiology and immunology},
  Shortjournal = {Microb Immun},
  volume={24},
  number={4},
  pages={299--308},
  year={1980},
  publisher={Wiley Online Library}
}
@article{kawata1972extracellular,
  title={Extracellular crystalline lattice material of \textit{Corynebacterium diphtheriae} revealed by electron microscopy},
  author={Kawata, Tomio and Masuda, Kuniyoshi},
  journal={Japanese journal of microbiology},
  Shortjournal = {Jpn J Microbiol},
  volume={16},
  number={6},
  pages={515--523},
  year={1972},
  publisher={Wiley Online Library}
}
@article{ishiguro1981loss,
  title={Loss of virulence during culture of \textit{Aeromonas salmonicida} at high temperature.},
  author={Ishiguro, EE and Kay, WW and Ainsworth, TERESA and Chamberlain, JB and Austen, RA and Buckley, JT and others},
  journal={Journal of bacteriology},
  Shortjournal = {J Bacteriol},
  volume={148},
  number={1},
  pages={333--340},
  year={1981},
  publisher={Am Soc Microbiol}
}
@article{weiss1974subunit,
  title={Subunit cell wall of \textit{Sulfolobus acidocaldarius}},
  author={Weiss, Richard L},
  journal={Journal of bacteriology},
  Shortjournal = {J Bacteriol},
  volume={118},
  number={1},
  pages={275--284},
  year={1974},
  publisher={Am Soc Microbiol}
}
@book{brade99,
	Address = {New York},
	Author = {Brade, Helmut},
	Isbn = {0824719441 (alk. paper)},
	Pages = {xviii, 950 p.},
	Publisher = {Marcel Dekker},
	Title = {Endotoxin in health and disease},
	Type = {Book},
	Url = {Publisher description http://www.loc.gov/catdir/enhancements/fy0647/99029165-d.html},
	Year = {1999},
	}
@article{tsai1982sensitive,
	  title={A sensitive silver stain for detecting lipopolysaccharides in polyacrylamide gels},
	  author={Tsai, Chao-Ming and Frasch, Carl E},
	  journal={Analytical biochemistry},
	  Shortjournal = {Anal Biochem},
	  volume={119},
	  number={1},
	  pages={115--119},
	  year={1982},
	  publisher={Elsevier}
	}
@article{albrecht2006expression,
  title={Expression, crystallization and preliminary X-ray crystallographic studies of the outer membrane protein OmpW from \textit{Escherichia coli}},
  author={Albrecht, Reinhard and Zeth, Kornelius and S{\"o}ding, Johannes and Lupas, Andrei and Linke, Dirk},
  journal={Acta Crystallographica Section F: Structural Biology and Crystallization Communications},
  Shortjournal = {Acta Crystallogr F},
  volume={62},
  number={4},
  pages={415--418},
  year={2006},
  publisher={International Union of Crystallography}
}
@article{blast,
  title={Basic local alignment search tool},
  author={Altschul, Stephen F and Gish, Warren and Miller, Webb and Myers, Eugene W and Lipman, David J},
  journal={Journal of molecular biology},
  Shortjournal = {J Mol Biol},
  volume={215},
  number={3},
  pages={403--410},
  year={1990},
  publisher={Elsevier}
}
@article{benz1994uptake,
  title={Uptake of solutes through bacterial outer membranes},
  author={Benz, Roland},
  Shortjournal = {New Compr Biochem},
  journal={New Comprehensive Biochemistry},
  volume={27},
  pages={397--423},
  year={1994},
  publisher={Elsevier}
}
@article{benz2001porins,
  title={Porins--structure and function},
  author={Benz, Roland},
  Shortjournal = {Micrb Transp Sys},
  journal={Microbial transport systems},
  pages={227--246},
  year={2001},
  publisher={Wiley Online Library}
}
@article{benzhancock1987mechanism,
  title={Mechanism of ion transport through the anion-selective channel of the \textit{Pseudomonas aeruginosa} outer membrane.},
  author={Benz, Roland and Hancock, RE},
  Shortjournal = {J Gen Physiol},
  journal={Journal of General Physiology},
  volume={89},
  number={2},
  pages={275--295},
  year={1987},
  publisher={Rockefeller Univ Press}
}
@article{benz1978formation,
  title={Formation of large, ion-permeable membrane channels by the matrix protein (porin) of \textit{Escherichia coli}},
  author={Benz, R and Janko, K and Boos, W and L{\"a}uger, P},
  journal={Biochimica et Biophysica Acta, Biomembranes},
  Shortjournal = {Biochim Biophys Acta Biomembr},
  volume={511},
  number={3},
  pages={305--319},
  year={1978},
  publisher={Elsevier}
}
@article{benz1979ionic,
  title={Ionic selectivity of pores formed by the matrix protein (porin) of \textit{Escherichia coli}},
  author={Benz, R and Janko, K and L{\"a}uger, P},
  journal={Biochimica et Biophysica Acta, Biomembranes},
  Shortjournal = {Biochim Biophys Acta Biomembr},
  volume={551},
  number={2},
  pages={238--247},
  year={1979},
  publisher={Elsevier}
}
@article{benz1985ion,
  title={Ion selectivity of gram-negative bacterial porins.},
  author={Benz, Roland and Schmid, A and Hancock, REW},
  journal={Journal of Bacteriology},
  Shortjournal = {J Bacteriol},
  volume={162},
  number={2},
  pages={722--727},
  year={1985},
  publisher={Am Soc Microbiol}
}
@article{benz1988characterization,
  title={Characterization of the nucleoside-binding site inside the Tsx channel of \textit{Escherichia coli} outer membrane reconstitution experiments with lipid bilayer membranes},
  author={Benz, Roland and Schmid, Angela and Maier, Christl and Bremer, Erhard},
  journal={European Journal of Biochemistry},
  Shortjournal = {Eur J Biochem},
  volume={176},
  number={3},
  pages={699--705},
  year={1988},
  publisher={Wiley Online Library}
}
@article{benz1986pore,
  title={Pore formation by LamB of \textit{Escherichia coli} in lipid bilayer membranes.},
  author={Benz, Roland and Schmid, A and Nakae, T and Vos-Scheperkeuter, GH},
  journal={Journal of Bacteriology},
  Shortjournal = {J Bacteriol},
  volume={165},
  number={3},
  pages={978--986},
  year={1986},
  publisher={Am Soc Microbiol}
}
@article{benz1987mechanism,
  title={Mechanism of sugar transport through the sugar-specific LamB channel of \textit{Escherichia coli} outer membrane},
  author={Benz, Roland and Schmid, Angela and Vos-Scheperkeuter, Greetje H},
  journal={Journal of Membrane Biology},
  Shortjournal = {J Membr Biol},
  volume={100},
  number={1},
  pages={21--29},
  year={1987},
  publisher={Springer}
}
@article{beveridge1981ultrastructure,
  title={Ultrastructure, chemistry, and function of the bacterial wall},
  author={Beveridge, TJ},
  journal={International review of cytology},
  Shortjournal = {Internat Rev Cytology},
  volume={72},
  pages={229--317},
  year={1981},
  publisher={Elsevier}
}
@article{candiano2004blue,
  title={Blue silver: a very sensitive colloidal Coomassie G-250 staining for proteome analysis},
  author={Candiano, Giovanni and Bruschi, Maurizio and Musante, Luca and Santucci, Laura and Ghiggeri, Gian Marco and Carnemolla, Barbara and Orecchia, Paola and Zardi, Luciano and Righetti, Pier Giorgio},
  journal={Electrophoresis},
  Shortjournal = {Electrophoresis},
  volume={25},
  number={9},
  pages={1327--1333},
  year={2004},
  publisher={Wiley Online Library}
}
@article{curtis2010getting,
  title={Getting in the loop: regulation of development in \textit{Caulobacter crescentus}},
  author={Curtis, Patrick D and Brun, Yves V},
  journal={Microbiology and Molecular Biology Reviews},
  Shortjournal = {Microb Molec Biol Rev},
  volume={74},
  number={1},
  pages={13--41},
  year={2010},
  publisher={Am Soc Microbiol}
}
@article{eckerskorn1989internal,
  title={Internal amino acid sequence analysis of proteins separated by gel electrophoresis after tryptic digestion in polyacrylamide matrix},
  author={Eckerskorn, Ch and Lottspeich, F},
  journal={Chromatographia},
  Shortjournal = {Chromatographia},
  volume={28},
  number={1-2},
  pages={92--94},
  year={1989},
  publisher={Springer}
}
@article{eisenbeis2008naga,
  title={NagA-dependent uptake of N-acetyl-glucosamine and N-acetyl-chitin oligosaccharides across the outer membrane of \textit{Caulobacter crescentus}},
  author={Eisenbeis, Simone and Lohmiller, Stefanie and Valdebenito, Marianne and Leicht, Stefan and Braun, Volkmar},
  journal={Journal of Bacteriology},
  Shortjournal = {J Bacteriol},
  volume={190},
  number={15},
  pages={5230--5238},
  year={2008},
  publisher={Am Soc Microbiol}
}
@article{eisenman1983ionic,
  title={Ionic selectivity revisited: the role of kinetic and equilibrium processes in ion permeation through channels},
  author={Eisenman, George and Horn, Richard},
  journal={Journal of Membrane Biology},
  Shortjournal = {J Membr Biol},
  volume={76},
  number={3},
  pages={197--225},
  year={1983},
  publisher={Springer}
}
@article{ford2007s,
  title={S-layer anchoring and localization of an S-layer-associated protease in \textit{Caulobacter crescentus}},
  author={Ford, Matthew J and Nomellini, John F and Smit, John},
  journal={Journal of Bacteriology},
  Shortjournal = {J Bacteriol},
  volume={189},
  number={6},
  pages={2226--2237},
  year={2007},
  publisher={Am Soc Microbiol}
}
@article{hancock1982outer,
  title={Outer membrane protein P of \textit{Pseudomonas aeruginosa}: regulation by phosphate deficiency and formation of small anion-specific channels in lipid bilayer membranes.},
  author={Hancock, RE and Poole, K and Benz, R},
  journal={Journal of Bacteriology},
  Shortjournal = {J Bacteriol},
  volume={150},
  number={2},
  pages={730--738},
  year={1982},
  publisher={Am Soc Microbiol}
}
@article{hong2006outer,
  title={The outer membrane protein OmpW forms an eight-stranded $\beta$-barrel with a hydrophobic channel},
  author={Hong, Heedeok and Patel, Dimki R and Tamm, Lukas K and van den Berg, Bert},
  journal={Journal of Biological Chemistry},
  Shortjournal = {J Biol Chem},
  volume={281},
  number={11},
  pages={7568--7577},
  year={2006},
  publisher={ASBMB}
}
@article{lohmiller2008tonb,
  title={TonB-dependent maltose transport by \textit{Caulobacter crescentus}},
  author={Lohmiller, S and Hantke, K and Patzer, SI and Braun, V},
  journal={Microbiology},
  Shortjournal = {Micrbiol},
  volume={154},
  number={6},
  pages={1748--1754},
  year={2008},
  publisher={Soc General Microbiol}
}
@article{mcadams2003bacterial,
  title={A bacterial cell-cycle regulatory network operating in time and space},
  author={McAdams, Harley H and Shapiro, Lucy},
  journal={Science},
  Shortjournal = {Science},
  volume={301},
  number={5641},
  pages={1874--1877},
  year={2003},
  publisher={American Association for the Advancement of Science}
}
@article{mcphee2009major,
  title={The major outer membrane protein OprG of \textit{Pseudomonas aeruginosa} contributes to cytotoxicity and forms an anaerobically regulated, cation-selective channel},
  author={McPhee, Joseph B and Tamber, Sandeep and Bains, Manjeet and Maier, Elke and Gellatly, Shaan and Lo, Andy and Benz, Roland and Hancock, Robert EW},
  journal={FEMS microbiology letters},
  Shortjournal = {FEMS Microbiol Lett},
  volume={296},
  number={2},
  pages={241--247},
  year={2009},
  publisher={The Oxford University Press}
}
@article{neher2009pseudomonas,
  title={\textit{Pseudomonas fluorescens} ompW: plasmid localization and requirement for naphthalene uptake},
  author={Neher, Tracy M and Lueking, Donald R},
  journal={Canadian Journal of Microbiology},
  Shortjournal = {Can J Microb},
  volume={55},
  number={5},
  pages={553--563},
  year={2009},
  publisher={NRC Research Press}
}
@article{neugebauer2005exbbd,
  title={ExbBD-dependent transport of maltodextrins through the novel MalA protein across the outer membrane of \textit{Caulobacter crescentus}},
  author={Neugebauer, Heidi and Herrmann, Christina and Kammer, Winfried and Schwarz, Gerold and Nordheim, Alfred and Braun, Volkmar},
  journal={Journal of Bacteriology},
  Shortjournal = {J Bacteriol},
  volume={187},
  number={24},
  pages={8300--8311},
  year={2005},
  publisher={Am Soc Microbiol}
}
@article{caulobactergenomeseq,
  title={Complete genome sequence of \textit{Caulobacter crescentus}},
  author={Nierman, William C and Feldblyum, Tamara V and Laub, Michael T and Paulsen, Ian T and Nelson, Karen E and Eisen, Jonathan and Heidelberg, John F and Alley, MRK and Ohta, Noriko and Maddock, Janine R and others},
  journal={Proceedings of the National Academy of Sciences},
  Shortjournal = {PNAS},
  volume={98},
  number={7},
  pages={4136--4141},
  year={2001},
  publisher={National Acad Sciences}
}
@article{nikaido1985molecular,
  title={Molecular basis of bacterial outer membrane permeability.},
  author={Nikaido, Hiroshi and Vaara, Marti},
  journal={Microbiological Reviews},
  Shortjournal = {Microbiol Rev},
  volume={49},
  number={1},
  pages={1},
  year={1985},
  publisher={American Society for Microbiology (ASM)}
}
@article{nomellini1997factors,
  title={Factors controlling \textit{in vitro} recrystallization of the \textit{Caulobacter crescentus} paracrystalline S-layer.},
  author={Nomellini, John F and Kupcu, Seta and Sleytr, Uwe B and Smit, John},
  journal={Journal of Bacteriology},
  Shortjournal = {J Bacteriol},
  volume={179},
  number={20},
  pages={6349--6354},
  year={1997},
  publisher={Am Soc Microbiol}
}
@article{poindexter1964biological,
  title={Biological properties and classification of the \textit{Caulobacter} group},
  author={Poindexter, Jeanne Stove},
  journal={Bacteriological Reviews},
  Shortjournal = {Bacteriol Rev},
  volume={28},
  number={3},
  pages={231},
  year={1964},
  publisher={American Society for Microbiology (ASM)}
}
@article{shannon1976revised,
  title={Revised effective ionic radii and systematic studies of interatomic distances in halides and chalcogenides},
  author={Shannon, RD },
  journal={Acta Crystallographica Section A: Crystal Physics, Diffraction, Theoretical and General Crystallography},
  Shortjournal = {Acta Crystallogr A},
  volume={32},
  number={5},
  pages={751--767},
  year={1976},
  publisher={International Union of Crystallography}
}
@article{riess2000discovery,
  title={Discovery of a novel channel-forming protein in the cell wall of the non-pathogenic \textit{Nocardia corynebacteroides}},
  author={Rie{\ss}, Franziska G and Benz, Roland},
  journal={Biochimica et Biophysica Acta, Biomembranes},
  Shortjournal = {Biochim Biophys Acta Biomembr},
  volume={1509},
  number={1},
  pages={485--495},
  year={2000},
  publisher={Elsevier}
}
@article{riess1998cell,
  title={The cell wall porin of \textit{Nocardia farcinica}: biochemical identification of the channel-forming protein and biophysical characterization of the channel properties},
  author={Rie{\ss}, Franziska G and Lichtinger, Thomas and Cseh, Richard and Yassin, Atteyet F and Schaal, Klaus P and Benz, Roland},
  journal={Molecular Microbiology},
  Shortjournal = {Mol Microbiol},
  volume={29},
  number={1},
  pages={139--150},
  year={1998},
  publisher={Wiley Online Library}
}
@book{schwartz1987maltose,
  title={The maltose regulon},
  author={Schwartz, M},
  booktitle={\textit{Escherichia coli} and \textit{Salmonella typhimurium}: cellular and molecular biology.},
  publisher={American Society for Microbiology, Washington, DC},
  pages={1482--1502},
  year={1987}
}
@article{smirnov1997ammonium,
  title={Ammonium dynamics in Rb$_{1-x}$(NH$_{4}$)$_x$SCN mixed crystals at 10 K},
  author={Smirnov, LS and Natkaniec, I and Bragin, SI and Shuvalov, LA and Sulyanov, SN},
  journal={Physica B: Condensed Matter},
  Shortjournal = {Physica B},
  volume={234},
  pages={66--67},
  year={1997},
  publisher={Elsevier}
}
@article{sugawara1996secondary,
  title={Secondary structure of the outer membrane proteins OmpA of \textit{Escherichia coli} and OprF of \textit{Pseudomonas aeruginosa}.},
  author={Sugawara, Etsuko and Steiert, Matthias and Rouhani, Shahab and Nikaido, Hiroshi},
  journal={Journal of Bacteriology},
  Shortjournal = {J Bacteriol},
  volume={178},
  number={20},
  pages={6067--6069},
  year={1996},
  publisher={Am Soc Microbiol}
}

@article{smart1996hole,
  title={\texttt{HOLE}: a program for the analysis of the pore dimensions of ion channel structural models},
  author={Smart, Oliver S and Neduvelil, Joseph G and Wang, Xiaonan and Wallace, BA and Sansom, Mark SP},
  journal={Journal of Molecular Graphics},
  Shortjournal = {J Mol Graphic},
  volume={14},
  number={6},
  pages={354--360},
  year={1996},
  publisher={Elsevier}
}
@article{touw2010crystal,
  title={The crystal structure of OprG from \textit{Pseudomonas aeruginosa}, a potential channel for transport of hydrophobic molecules across the outer membrane},
  author={Touw, Debra S and Patel, Dimki R and Van Den Berg, Bert},
  journal={PloS One},
  Shortjournal = {PLoS One},
  volume={5},
  number={11},
  pages={e15016},
  year={2010},
  publisher={Public Library of Science}
}
@article{trias1993characterization,
  title={Characterization of the channel formed by the mycobacterial porin in lipid bilayer membranes. Demonstration of voltage gating and of negative point charges at the channel mouth.},
  author={Trias, J and Benz, R},
  journal={Journal of Biological Chemistry},
  Shortjournal = {J Biol Chem},
  volume={268},
  number={9},
  pages={6234--6240},
  year={1993},
  publisher={ASBMB}
}
@article{trias1994permeability,
  title={Permeability of the cell wall of \textit{Mycobacterium smegmatis}},
  author={Trias, Joaquim and Benz, Roland},
  journal={Molecular Microbiology},
  Shortjournal = {Mol Microbiol},
  volume={14},
  number={2},
  pages={283--290},
  year={1994},
  publisher={Wiley Online Library}
}
@incollection{eswar2008protein,
  title={Protein structure modeling with \texttt{MODELLER}},
  author={Eswar, Narayanan and Eramian, David and Webb, Ben and Shen, Min-Yi and Sali, Andrej},
  booktitle={Structural Proteomics},
  pages={145--159},
  year={2008},
  publisher={Springer}
}
@article{zhang1997powerblast,
  title={Power\textsc{blast}: a new network \textsc{blast} application for interactive or automated sequence analysis and annotation},
  author={Zhang, Jinghui and Madden, Thomas L},
  journal={Genome Research},
  Shortjournal = {Genome Res},
  volume={7},
  number={6},
  pages={649--656},
  year={1997},
  publisher={Cold Spring Harbor Lab}
}
@book{castellan83,
	Author = {Castellan, G W},
	Booktitle = {Physical Chemisty},
	Publisher = {Addison-Wesley},
  edition = {3rd},
	Title = {The ionic current in aqueous solutions},
  pages = {769--780},
  year = {1983}}
@book{pauling1960nature,
  title={The nature of the chemical bond and the structure of molecules and crystals: an introduction to modern structural chemistry},
  author={Pauling, Linus},
  volume={18},
  year={1960},
  publisher={Cornell University Press}
}
@article{ferenci1980lambda,
  title={Lambda receptor in the outer membrane of \textit{Escherichia coli} as a binding protein for maltodextrins and starch polysaccharides},
  author={Ferenci, Thomas and Schwentorat, Marina and Ullrich, Susanne and Vilmart, Jeannine},
  journal={Journal of Bacteriology},
  Shortjournal = {J Bacteriol},
  volume={142},
  number={2},
  pages={521--526},
  year={1980},
  publisher={Am Soc Microbiol}
}
@article{gilchrist1991transformation,
  title={Transformation of freshwater and marine caulobacters by electroporation.},
  author={Gilchrist, ANGUS and Smit, JOHN},
  journal={Journal of bacteriology},
  volume={173},
  Shortjournal = {J Bacteriol},
  number={2},
  pages={921--925},
  year={1991},
  publisher={Am Soc Microbiol}
}
@article {bingle1997expression,
author = {Bingle, Wade H. and Nomellini, John F. and Smit, John},
title = {Cell-surface display of a \textit{Pseudomonas aeruginosa} strain K pilin peptide within the paracrystalline S-layer of \textit{Caulobacter crescentus}},
journal = {Molecular Microbiology},
Shortjournal = {Mol Microbiol},
volume = {26},
number = {2},
publisher = {Blackwell Science Ltd},
issn = {1365-2958},
url = {http://dx.doi.org/10.1046/j.1365-2958.1997.5711932.x},
pages = {277--288},
year = {1997},
}
@article{UmeloNjaka20011406,
title = "Expression and testing of \textit{Pseudomonas aeruginosa} vaccine candidate proteins prepared with the \textit{Caulobacter crescentus} S-layer protein expression system ",
journal = "Vaccine ",
Shortjournal = {Vaccine},
volume = "19",
number = "11‚Äì12",
pages = "1406 - 1415",
year = "2001",
note = "",
issn = "0264-410X",
url = "http://www.sciencedirect.com/science/article/pii/S0264410X00003625",
author = "Elizabeth Umelo-Njaka and John F. Nomellini and Wade H. Bingle and Linda G.M. Glasier and Randall T. Irvin and John Smit",
}

@article{Bingle1990143,
title = "High-level expression vectors for \textit{Caulobacter crescentus} incorporating the transcription/translation initiation regions of the paracrystalline surface-layer-protein gene ",
Journal = "Plasmid ",
Shortjournal = {Plasmid},
volume = "24",
number = "2",
pages = "143 - 148",
year = "1990",
note = "",
issn = "0147-619X",
url = "http://www.sciencedirect.com/science/article/pii/0147619X90900166",
author = "Wade H. Bingle and John Smit"
}
@article{baranova2012sbsb,
  title={SbsB structure and lattice reconstruction unveil \ce{Ca^2+} triggered S-layer assembly},
  author={Baranova, Ekaterina and Fronzes, R{\'e}mi and Garcia-Pino, Abel and Van Gerven, Nani and Papapostolou, David and P{\'e}hau-Arnaudet, G{\'e}rard and Pardon, Els and Steyaert, Jan and Howorka, Stefan and Remaut, Han},
  journal={Nature},
 Shortjournal = {Nature},
 volume={487},
  number={7405},
  pages={119--122},
  year={2012},
  publisher={Nature Publishing Group}
}
@article{Pavkov20081226,
title = "The Structure and Binding Behavior of the Bacterial Cell Surface Layer Protein SbsC ",
journal = "Structure ",
Shortjournal = {Structure},
volume = "16",
number = "8",
pages = "1226 - 1237",
year = "2008",
note = "",
issn = "0969-2126",
url = "http://www.sciencedirect.com/science/article/pii/S0969212608002499",
author = "Tea Pavkov and Eva M. Egelseer and Manfred Tesarz and Dmitri I. Svergun and Uwe B. Sleytr and Walter Keller",
}
@article{smith2010economical,
title={Economical evolution: microbes reduce the synthetic cost of extracellular proteins},
author={Smith, Daniel R and Chapman, Matthew R},
journal={MBio},
Shortjournal = {MBio},
volume={1},
number={3},
pages={e00131--10},
year={2010},
publisher={Am Soc Microbiol}
}
@article{smit2008heads,
title={Heads up S-layer display: the power of many},
author={Smit, John},
journal={Structure},
Shortjournal = {Structure},
volume={16},
number={8},
pages={1151--1153},
year={2008},
publisher={Elsevier}
}

@article{Blaurock01101976,
author = {Blaurock, A E and Stoeckenius, W and Oesterhelt, D and Scherfhof, G L}, 
title = {Structure of the cell envelope of \textit{Halobacterium halobium}},
volume = {71}, 
number = {1}, 
pages = {1-22}, 
year = {1976}, 
URL = {http://jcb.rupress.org/content/71/1/1.abstract}, 
Shortjournal = {J Cell Biol},
journal = {Journal of Cell Biology} 
}
@article{beveridge1997v,
  title={V. Functions of S-layers},
  author={Beveridge, Terrance J and Pouwels, Peter H and S{\'a}ra, Margit and Kotiranta, Anja and Lounatmaa, Kari and Kari, Kirsti and Kerosuo, Eero and Haapasalo, Markus and Egelseer, Eva M and Schocher, Ingrid and others},
  journal={FEMS Microbiology Reviews},
Shortjournal = {FEMS Microb Rev},
volume={20},
  number={1-2},
  pages={99--149},
  year={1997},
  publisher={The Oxford University Press}
}
@article{koval1991effect,
  title={Effect of paracrystalline protein surface layers on predation by \textit{Bdellovibrio bacteriovorus}.},
  author={Koval, SF and Hynes, SH},
  journal={Journal of bacteriology},
  Shortjournal = {J Bacteriol},
  volume={173},
  number={7},
  pages={2244--2249},
  year={1991},
  publisher={Am Soc Microbiol}
}
@incollection{koval1993predation,
  title={Predation on bacteria possessing S-layers},
  author={Koval, Susan F},
  booktitle={Advances in Bacterial Paracrystalline Surface Layers},
  pages={85--92},
  year={1993},
  publisher={Springer}
}
@article{DallaireDufresne20141,
title = "Virulence, genomic features, and plasticity of \textit{Aeromonas salmonicida} subsp. \textit{salmonicida}, the causative agent of fish furunculosis ",
journal = "Veterinary Microbiology ",
Shortjournal = {Vet Microbiol},
volume = "169",
number = "1‚Äì2",
pages = "1 - 7",
year = "2014",
note = "",
issn = "0378-1135",
url = "http://www.sciencedirect.com/science/article/pii/S0378113513003404",
author = "St√©phanie Dallaire-Dufresne and Katherine H. Tanaka and M√©lanie V. Trudel and Andr√©e Lafaille and Steve J. Charette"
}
@article{kern2010bsla,
  title={BslA, the S-layer adhesin of \textit{B. anthracis}, is a virulence factor for anthrax pathogenesis},
  author={Kern, Justin and Schneewind, Olaf},
  journal={Molecular microbiology},
 Shortjournal = {Mol Microbiol},
 volume={75},
  number={2},
  pages={324--332},
  year={2010},
  publisher={Wiley Online Library}
}
@article{chenal2009rtx,
  title={\textsc{rtx} Calcium Binding Motifs Are Intrinsically Disordered in the Absence of Calcium IMPLICATION FOR PROTEIN SECRETION},
  author={Chenal, Alexandre and Guijarro, J I{\~n}aki and Raynal, Bertrand and Delepierre, Muriel and Ladant, Daniel},
  journal={Journal of Biological Chemistry},
  Shortjournal = {J Biol Chem},
  volume={284},
  number={3},
  pages={1781--1789},
  year={2009},
  publisher={ASBMB}
}
@article{bingle2000secretion,
  title={Secretion of the \textit{Caulobacter crescentus}S-Layer Protein: Further Localization of the C-terminal Secretion Signal and Its Use for Secretion of Recombinant Proteins},
  author={Bingle, Wade H and Nomellini, John F and Smit, John},
  journal={Journal of bacteriology},
 Shortjournal = {J Bacteriol},
 volume={182},
  number={11},
  pages={3298--3301},
  year={2000},
  publisher={Am Soc Microbiol}
}
@article{lau2010analysis,
  title={Analysis of high-level S-layer protein secretion in \textit{Caulobacter crescentus}},
  author={Lau, Janny Ho Yu and Nomellini, John F and Smit, John},
  journal={Canadian journal of microbiology},
 Shortjournal = {Can J Microbiol},
 volume={56},
  number={6},
  pages={501--514},
  year={2010},
  publisher={NRC Research Press}
}
@article {Jensen2006tomo,
author = {Briegel, Ariane and Dias, D. Prabha and Li, Zhuo and Jensen, Rasmus B. and Frangakis, Achilleas S. and Jensen, Grant J.},
title = {Multiple large filament bundles observed in \textit{Caulobacter crescentus} by electron cryotomography},
journal = {Molecular Microbiology},
Shortjournal = {Mol Microbiol},
volume = {62},
number = {1},
publisher = {Blackwell Publishing Ltd},
issn = {1365-2958},
pages = {5--14},
year = {2006},
}
@article{beveridge1991surface,
  title={Surface layers of bacteria},
  author={Beveridge, TERRY J and Graham, LORI L},
  journal={Microbiological reviews},
  Shortjournal = {Microbiol Rev},
  volume={55},
  number={4},
  pages={684},
  year={1991},
  publisher={American Society for Microbiology (ASM)}
}
@article{sara2000s,
  title={S-layer proteins},
  author={S{\'a}ra, Margit and Sleytr, Uwe B},
  journal={Journal of bacteriology},
  Shortjournal = {J Bacteriol},
  volume={182},
  number={4},
  pages={859--868},
  year={2000},
  publisher={Am Soc Microbiol}
}
@article{griffith1928significance,
  title={The significance of pneumococcal types},
  author={Griffith, Fred},
  journal={Journal of Hygiene},
  Shortjournal = {J Hygiene},
  volume={27},
  number={02},
  pages={113--159},
  year={1928},
  publisher={Cambridge Univ Press}
}
@article{nguyen2006foundations,
  title={Foundations of antibiotic resistance in bacterial physiology: the mycobacterial paradigm},
  author={Nguyen, Liem and Thompson, Charles J},
  journal={TRENDS in Microbiology},
  Shortjournal = {TRENDS Microbiol},
  volume={14},
  number={7},
  pages={304--312},
  year={2006},
  publisher={Elsevier}
}
@article {calabi2001difficile,
author = {Calabi, Emanuela and Ward, Steven and Wren, Brendan and Paxton, Thanai and Panico, Maria and Morris, Howard and Dell, Anne and Dougan, Gordon and Fairweather, Neil},
title = {Molecular characterization of the surface layer proteins from \textit{Clostridium difficile}},
journal = {Molecular Microbiology},
Shortjournal = {Mol Microbiol},
volume = {40},
number = {5},
publisher = {Blackwell Science Ltd},
issn = {1365-2958},
pages = {1187--1199},
year = {2001}
}
@article {fagan2009difficile,
author = {Fagan, Robert P. and Albesa-Jov{\'e}, David and Qazi, Omar and Svergun, Dmitri I. and Brown, Katherine A. and Fairweather, Neil F.},
title = {Structural insights into the molecular organization of the S-layer from \textit{Clostridium difficile}},
journal = {Molecular Microbiology},
Shortjournal = {Mol Microbiol},
volume = {71},
number = {5},
publisher = {Blackwell Publishing Ltd},
issn = {1365-2958},
url = {http://dx.doi.org/10.1111/j.1365-2958.2009.06603.x},
pages = {1308--1322},
}
@article{mesnage1997molecular,
  title={Molecular characterization of the \textit{Bacillus anthracis} main S-layer component: evidence that it is the major cell-associated antigen},
  author={Mesnage, St{\'e}phane and Tosi-Couture, Evelyne and Mock, Mich{\`e}le and Gounon, Pierre and Fouet, Agn{\`e}s},
  journal={Molecular microbiology},
  Shortjournal = {Mol Microbiol},
  volume={23},
  number={6},
  pages={1147--1155},
  year={1997},
  publisher={Wiley Online Library}
}
@article{sara1990brevis,
year={1990},
issn={0302-8933},
journal={Archives of Microbiology},
Shortjournal = {Arch Microbiol},
volume={153},
number={3},
title={Characterization of S-layers from mesophilic bacillaceae and studies on their protective role towards muramidases},
url={http://dx.doi.org/10.1007/BF00249069},
publisher={Springer-Verlag},
author={S\'{a}ra, Margit and Moser-Thier, Karin and Kainz, Ursula and Sleytr, Uwe B.},
pages={209-214},
language={English}
}
@incollection{PavkovKeller201173,
title = "Chapter 3 - The Structure of Bacterial S-Layer Proteins ",
editor = "Stefan Howorka",
booktitle = "Molecular Assembly in Natural and Engineered Systems",
publisher = "Academic Press",
year = "2011",
volume = "103",
pages = "73--130",
series = "Progress in Molecular Biology and Translational Science ",
author = "Tea Pavkov-Keller and Stefan Howorka and Walter Keller"
}
@article{gilchrist1992nucleotide,
  title={Nucleotide sequence analysis of the gene encoding the \textit{Caulobacter crescentus} paracrystalline surface layer protein},
  author={Gilchrist, Angus and Fisher, James A and Smit, John},
  journal={Canadian journal of microbiology},
  Shortjournal = {Can J Microbiol},
  volume={38},
  number={3},
  pages={193--202},
  year={1992},
  publisher={NRC Research Press}
}
@article{vilen2009surface,
  title={Surface location of individual residues of SlpA provides insight into the \textit{Lactobacillus brevis} S-layer},
  author={Vilen, Heikki and Hyn{\"o}nen, Ulla and Badelt-Lichtblau, Helga and Ilk, Nicola and J{\"a}{\"a}skel{\"a}inen, Pentti and Torkkeli, Mika and Palva, Airi},
  journal={Journal of bacteriology},
  Shortjournal = {J Bacteriol},
  volume={191},
  number={10},
  pages={3339--3349},
  year={2009},
  publisher={Am Soc Microbiol}
}
@article{lechner1989structure,
  title={Structure and biosynthesis of prokaryotic glycoproteins},
  author={Lechner, Johann and Wieland, Felix},
  journal={Annual review of biochemistry},
  Shortjournal = {Annu Rev Biochem},
  volume={58},
  number={1},
  pages={173--194},
  year={1989},
  publisher={Annual Reviews}
}
@article{schaffer1996s,
  title={Are S-layer glycoproteins and lipopolysaccharides related?},
  author={Sch{\"a}ffer, Christina and Wugeditsch, Thomas and Neuninger, Christina and Messner, Paul},
  journal={Microbial Drug Resistance},
  Shortjournal = {Microbiol Drug Resist},
  volume={2},
  number={1},
  pages={17--23},
  year={1996}
}
@article{pettersen2004ucsf,
  title={UCSF Chimera---a visualization system for exploratory research and analysis},
  author={Pettersen, Eric F and Goddard, Thomas D and Huang, Conrad C and Couch, Gregory S and Greenblatt, Daniel M and Meng, Elaine C and Ferrin, Thomas E},
  journal={Journal of computational chemistry},
  Shortjournal = {J Comp Chem},
  volume={25},
  number={13},
  pages={1605--1612},
  year={2004},
  publisher={Wiley Online Library}
}
@article{meier2007calcium,
  title={A calcium-gated lid and a large $\beta$-roll sandwich are revealed by the crystal structure of extracellular lipase from Serratia marcescens},
  author={Meier, Reto and Drepper, Thomas and Svensson, Vera and Jaeger, Karl-Erich and Baumann, Ulrich},
  journal={Journal of Biological Chemistry},
  Shortjournal = {J Biol Chem},
  volume={282},
  number={43},
  pages={31477--31483},
  year={2007},
  publisher={ASBMB}
}
@article{letoffe1992secretion,
  title={Secretion of CyaA-PrtB and HlyA-PrtB fusion proteins in \textit{Escherichia coli}: involvement of the glycine-rich repeat domain of \textit{Erwinia chrysanthemi} protease B.},
  author={L{\'e}toff{\'e}, SYLVIE and Wandersman, CECILE},
  journal={Journal of Bacteriology},
  Shortjournal = {J Bacteriol},
  volume={174},
  number={15},
  pages={4920--4927},
  year={1992},
  publisher={Am Soc Microbiol}
}
@article{rose1995interaction,
  title={Interaction of calcium with \textit{Bordetella Pertussis} adenylate cyclase toxin characterization of multiple calcium-binding sites and calcium-induced conformational changes},
  author={Rose, Thierry and Sebo, Peter and Bellalou, Jacques and Ladant, Daniel},
  journal={Journal of Biological Chemistry},
  Shortjournal = {J Biol Chem},
  volume={270},
  number={44},
  pages={26370--26376},
  year={1995},
  publisher={ASBMB}
}
@article{satchell2011structure,
  title={Structure and function of \textsc{martx} toxins and other large repetitive \textsc{rtx} proteins},
  author={Satchell, Karla JF},
  journal={Annual review of microbiology},
  Shortjournal = {Annu Rev Micobiol},
  volume={65},
  pages={71--90},
  year={2011},
  publisher={Annual Reviews}
}
@article{linhartova2010rtx,
  title={\textsc{rtx} proteins: a highly diverse family secreted by a common mechanism},
  author={Linhartov{\'a}, Irena and Bumba, Ladislav and Ma{\v{s}}{\'\i}n, Ji{\v{r}}{\'\i} and Basler, Marek and Osi{\v{c}}ka, Radim and Kamanov{\'a}, Jana and Proch{\'a}zkov{\'a}, Kate{\v{r}}ina and Adkins, Irena and Hejnov{\'a}-Holubov{\'a}, Jana and Sad{\'\i}lkov{\'a}, Lenka and others},
  journal={FEMS microbiology reviews},
  Shortjournal = {FEMS Microbiol Rev},
  volume={34},
  number={6},
  pages={1076--1112},
  year={2010},
  publisher={The Oxford University Press}
}
@article{perez2010characterization,
  title={Characterization of the regions involved in the calcium-induced folding of the intrinsically disordered \textsc{rtx} motifs from the \textit{Bordetella pertussis} adenylate cyclase toxin},
  author={Sotomayor-P{\'e}rez, Ana-Cristina and Karst, Johanna C and Davi, Marilyne and Guijarro, J I{\~n}aki and Ladant, Daniel and Chenal, Alexandre},
  journal={Journal of molecular biology},
  Shortjournal = {J Mol Biol},
  volume={397},
  number={2},
  pages={534--549},
  year={2010},
  publisher={Elsevier}
}
@article{sotomayor2014disorder,
  title={Disorder-to-Order Transition in the CyaA Toxin \textsc{rtx} Domain: Implications for Toxin Secretion},
  author={Sotomayor-P{\'e}rez, Ana-Cristina and Ladant, Daniel and Chenal, Alexandre},
  journal={Toxins},
 Shortjournal = {Toxins},
 volume={7},
  number={1},
  pages={1--20},
  year={2014},
  publisher={Multidisciplinary Digital Publishing Institute}
}
@article{felmlee1988alterations,
  title={Alterations of amino acid repeats in the \textit{Escherichia coli} hemolysin affect cytolytic activity and secretion},
  author={Felmlee, T and Welch, RA},
  journal={Proceedings of the National Academy of Sciences},
 Shortjournal = {PNAS},
 volume={85},
  number={14},
  pages={5269--5273},
  year={1988},
  publisher={National Acad Sciences}
}
@article{norris1996calcium,
  title={Calcium signalling in bacteria},
  author={Norris, V and Grant, Susan and Freestone, P and Canvin, J and Sheikh, FN and Toth, I and Trinei, M and Modha, K and Norman, Robert I},
  journal={Journal of bacteriology},
  Shortjournal = {J Bacteriol},
  volume={178},
  number={13},
  pages={3677},
  year={1996},
  publisher={American Society for Microbiology (ASM)}
}
@article{gangola1987maintenance,
  title={Maintenance of intracellular calcium in \textit{Escherichia coli}},
  author={Gangola, Preeti and Rosen, BP},
  journal={Journal of Biological Chemistry},
  Shortjournal = {J Biol Chem},
  volume={262},
  number={26},
  pages={12570--12574},
  year={1987},
  publisher={ASBMB}
}
@article{garduno2000host,
  title={Host cell invasion and intracellular residence by \textit{Aeromonas salmonicida}: role of the S-layer},
  author={Gardu{\~n}o, Rafael A and Moore, Anne R and Olivier, Gilles and Lizama, Angela L and Gardu{\~n}o, Elizabeth and Kay, William W},
  journal={Canadian journal of microbiology},
  Shortjournal = {Can J Microbiol},
  volume={46},
  number={7},
  pages={660--668},
  year={2000},
  publisher={NRC Research Press}
}
@article{doig1992binding,
  title={Binding of laminin and fibronectin by the trypsin-resistant major structural domain of the crystalline virulence surface array protein of \textit{Aeromonas salmonicida}},
  author={Doig, Peter and Em{\"o}dy, L and others},
  journal={Journal of Biological Chemistry},
  Shortjournal = {J Biol Chem},
  volume={267},
  number={1},
  pages={43--49},
  year={1992},
  publisher={ASBMB}
}
@article{thompson2002campylobacter,
  title={\textit{Campylobacter} surface-layers (S-layers) and immune evasion},
  author={Thompson, Stuart A},
  journal={Annals of periodontology},
  Shortjournal = {Annal Periodontol},
  volume={7},
  number={1},
  pages={43--53},
  year={2002},
  publisher={Am Acad Periodontology}
}
@article{blixt2004printed,
  title={Printed covalent glycan array for ligand profiling of diverse glycan binding proteins},
  author={Blixt, Ola and Head, Steve and Mondala, Tony and Scanlan, Christopher and Huflejt, Margaret E and Alvarez, Richard and Bryan, Marian C and Fazio, Fabio and Calarese, Daniel and Stevens, James and others},
  journal={Proceedings of the National Academy of Sciences of the United States of America},
  Shortjournal = {PNAS},
  volume={101},
  number={49},
  pages={17033--17038},
  year={2004},
  publisher={National Acad Sciences}
}
@article{alvarez2006identification,
  title={Identification of ligand specificities for glycan-binding proteins using glycan arrays},
  author={Alvarez, Richard A and Blixt, Ola},
  journal={Methods in enzymology},
  Shortjournal = {Meth Enzymol},
  volume={415},
  pages={292--310},
  year={2006},
  publisher={Elsevier}
}
@article{bingle1997linker,
  title={Linker mutagenesis of the \textit{Caulobacter crescentus} S-layer protein: toward a definition of an N-terminal anchoring region and a C-terminal secretion signal and the potential for heterologous protein secretion},
  author={Bingle, Wade H and Nomellini, John F and Smit, John},
  journal={Journal of bacteriology},
  Shortjournal = {J Bacteriol},
  volume={179},
  number={3},
  pages={601--611},
  year={1997},
  publisher={Am Soc Microbiol}
}
@article{smit1992s,
  title={The S-layer of \textit{Caulobacter crescentus}: three-dimensional image reconstruction and structure analysis by electron microscopy.},
  author={Smit, J and Engelhardt, H and Volker, S and Smith, SH and Baumeister, W},
  journal={Journal of bacteriology},
  Shortjournal = {J Bacteriol},
  volume={174},
  number={20},
  pages={6527},
  year={1992},
  publisher={American Society for Microbiology (ASM)}
}
@article{matuschek1994pullulanase,
  title={Pullulanase of \textit{Thermoanaerobacterium thermosulfurigenes} EM1 (\textit{Clostridium thermosulfurogenes}): molecular analysis of the gene, composite structure of the enzyme, and a common model for its attachment to the cell surface.},
  author={Matuschek, Markus and Burchhardt, Gerhard and Sahm, Kerstin and Bahl, Hubert},
  journal={Journal of bacteriology},
  Shortjournal = {J Bacteriol},
  volume={176},
  number={11},
  pages={3295--3302},
  year={1994},
  publisher={Am Soc Microbiol}
}
@article{egelseer1995s,
  title={The S-layer from \textit{Bacillus stearothermophilus} DSM 2358 functions as an adhesion site for a high-molecular-weight amylase.},
  author={Egelseer, Eva and Schocher, Ingrid and S{\'a}ra, Margit and Sleytr, Uwe B},
  journal={Journal of bacteriology},
  Shortjournal = {J Bacteriol},
  volume={177},
  number={6},
  pages={1444--1451},
  year={1995},
  publisher={Am Soc Microbiol}
}
@article{de2012bacterial,
  title={The bacterial surface layer provides protection against antimicrobial peptides},
  author={de la Fuente-N{\'u}{\~n}ez, C{\'e}sar and Mertens, Jan and Smit, John and Hancock, Robert EW},
  journal={Applied and environmental microbiology},
  Shortjournal = {App Environ Microbiol},
  volume={78},
  number={15},
  pages={5452--5456},
  year={2012},
  publisher={Am Soc Microbiol}
}
@article{sleytr2014s,
  title={S-layers: principles and applications},
  author={Sleytr, Uwe B and Schuster, Bernhard and Egelseer, Eva-Maria and Pum, Dietmar},
  journal={FEMS microbiology reviews},
  Shortjournal = {FEMS Microbiol Rev},
  volume={38},
  number={5},
  pages={823--864},
  year={2014},
  publisher={The Oxford University Press}
}
@article{christen2011essential,
  title={The essential genome of a bacterium},
  author={Christen, Beat and Abeliuk, Eduardo and Collier, John M and Kalogeraki, Virginia S and Passarelli, Ben and Coller, John A and Fero, Michael J and McAdams, Harley H and Shapiro, Lucy},
  journal={Molecular systems biology},
  Shortjournal = {Mol Sys Biol},
  number={1},
  year={2011},
  publisher={Wiley Online Library}
}
@article{schrader2014coding,
  title={The coding and noncoding architecture of the \textit{Caulobacter crescentus} genome},
  author={Schrader, Jared M and Zhou, Bo and Li, Gene-Wei and Lasker, Keren and Childers, W Seth and Williams, Brandon and Long, Tao and Crosson, Sean and McAdams, Harley H and Weissman, Jonathan S and others},
  journal={PLoS genetics},
  Shortjournal = {PLoS Gen},
  volume={10},
  number={7},
  pages={e1004463},
  year={2014},
  publisher={Public Library of Science}
}
@article{bennett1971quantitative,
  title={Quantitative staining of fraction I protein in polyacrylamide gels using Coomassie brilliant blue},
  author={Bennett, J and Scott, KJ},
  journal={Analytical biochemistry},
  Shortjournal = {Anal Biochem},
  volume={43},
  number={1},
  pages={173--182},
  year={1971},
  publisher={Elsevier}
}
@article{jancarik1991sparse,
  title={Sparse matrix sampling: a screening method for crystallization of proteins},
  author={Jancarik, JAKS and Kim, S-H},
  journal={Journal of applied crystallography},
  Shortjournal = {J Appl Crystal},
  volume={24},
  number={4},
  pages={409--411},
  year={1991},
  publisher={International Union of Crystallography}
}
@article{marr2010substitution,
  title={Substitution of the \textit{Bordetella pertussis} lipid A phosphate groups with glucosamine is required for robust NF-$\kappa$B activation and release of proinflammatory cytokines in cells expressing human but not murine Toll-like receptor 4-MD-2-CD14},
  author={Marr, Nico and Hajjar, Adeline M and Shah, Nita R and Novikov, Alexey and Yam, Cathy S and Caroff, Martine and Fernandez, Rachel C},
  journal={Infection and immunity},
  Shortjournal = {Infection and Immun},
  volume={78},
  number={5},
  pages={2060--2069},
  year={2010},
  publisher={Am Soc Microbiol}
}
@article{towbin1979electrophoretic,
  title={Electrophoretic transfer of proteins from polyacrylamide gels to nitrocellulose sheets: procedure and some applications},
  author={Towbin, Harry and Staehelin, Theophil and Gordon, Julian},
  journal={Proceedings of the National Academy of Sciences},
  Shortjournal = {PNAS},
  volume={76},
  number={9},
  pages={4350--4354},
  year={1979},
  publisher={National Acad Sciences}
}
@article{blackwood1991max,
  title={Max: a helix-loop-helix zipper protein that forms a sequence-specific DNA-binding complex with Myc},
  author={Blackwood, Elizabeth M and Eisenman, Robert N},
  journal={Science},
  Shortjournal = {Science},
  volume={251},
  number={4998},
  pages={1211--1217},
  year={1991},
  publisher={American Association for the Advancement of Science}
}
@article{kropinski1986basis,
  title={The basis of silver staining of bacterial lipopolysaccharides in polyacrylamide gels},
  author={Kropinski, Andrew M and Berry, Denise and Greenberg, E Peter},
  journal={Current Microbiology},
  Shortjournal = {Current Microb},
  volume={13},
  number={1},
  pages={29--31},
  year={1986},
  publisher={Springer}
}
@article{hardy1997sensitive,
  title={Sensitive reverse staining of bacterial lipopolysaccharides on polyacrylamide gels by using zinc and imidazole salts},
  author={Hardy, Eugenio and Pupo, Elder and Castellanos-Serra, Lila and Reyes, Jesus and Fern{\'a}ndez-Patr{\'o}n, Carlos},
  journal={Analytical biochemistry},
  Shortjournal = {Anal Biochem},
  volume={244},
  number={1},
  pages={28--32},
  year={1997},
  publisher={Elsevier}
}
@article{baldwin1996nf,
  title={The NF-$\kappa$B and I$\kappa$B proteins: new discoveries and insights},
  author={Baldwin Jr, Albert S},
  journal={Annual review of immunology},
  Shortjournal = {Ann Rev Immun},
  volume={14},
  number={1},
  pages={649--681},
  year={1996}
}
@article{merino2015molecular,
  title={Molecular and Chemical Analysis of the Lipopolysaccharide from \textit{Aeromonas hydrophila} Strain AH-1 (Serotype O11)},
  author={Merino, Susana and Canals, Roc{\'\i}o and Knirel, Yuriy A and Tom{\'a}s, Juan M},
  journal={Marine Drugs},
  Shortjournal = {Mar Drugs},
  volume={13},
  number={4},
  pages={2233--2249},
  year={2015},
  publisher={Multidisciplinary Digital Publishing Institute}
}
@article{sleytr1997bacterial,
  title={Bacterial and archaeal S-layer proteins: structure-function relationships and their biotechnological applications},
  author={Sleytr, Uwe B and S{\'a}ra, Margit},
  journal={Trends in biotechnology},
  Shortjournal = {Trends Biotech},
  volume={15},
  number={1},
  pages={20--26},
  year={1997},
  publisher={Elsevier}
}
@article{sara1987production,
  title={Production and characteristics of ultrafiltration membranes with uniform pores from two-dimensional arrays of proteins},
  author={S{\'a}ra, Margit and Sleytr, Uwe B},
  journal={Journal of Membrane Science},
  Shortjournal = {J Membrane Sci},
  volume={33},
  number={1},
  pages={27--49},
  year={1987},
  publisher={Elsevier}
}
@article{pum1993large,
  title={Large-scale recrystallization of the S-layer of Bacillus coagulans E38-66 at the air/water interface and on lipid films.},
  author={Pum, D and Weinhandl, M and H{\"o}dl, C and Sleytr, UB},
  journal={Journal of bacteriology},
  Shortjournal = {J Bacteriol},
  volume={175},
  number={9},
  pages={2762--2766},
  year={1993},
  publisher={Am Soc Microbiol}
}
@article{kupcu1995liposomes,
  title={Liposomes coated with crystalline bacterial cell surface protein (S-layer) as immobilization structures for macromolecules},
  author={K{\"u}pc{\"u}, Seta and S{\'a}ra, Margit and Sleytr, Uwe B},
  journal={Biochimica et Biophysica Acta -Biomembranes},
  Shortjournal = {BBA-Biomembranes},
  volume={1235},
  number={2},
  pages={263--269},
  year={1995},
  publisher={Elsevier}
}
@article{moll2002s,
  title={S-layer-streptavidin fusion proteins as template for nanopatterned molecular arrays},
  author={Moll, Dieter and Huber, Carina and Schlegel, Birgit and Pum, Dietmar and Sleytr, Uwe B and S{\'a}ra, Margit},
  journal={Proceedings of the National Academy of Sciences},
  Shortjournal = {PNAS},
  volume={99},
  number={23},
  pages={14646--14651},
  year={2002},
  publisher={National Acad Sciences}
}
@article{nomellini2007s,
  title={S-layer-mediated display of the immunoglobulin G-binding domain of streptococcal protein G on the surface of Caulobacter crescentus: development of an immunoactive reagent},
  author={Nomellini, John F and Duncan, Gillian and Dorocicz, Irene R and Smit, John},
  journal={Applied and environmental microbiology},
  Shortjournal = {AEM},
  volume={73},
  number={10},
  pages={3245--3253},
  year={2007},
  publisher={Am Soc Microbiol}
}
@article{weinert2015synthesis,
  title={Synthesis of S-Layer Conjugates and Evaluation of Their Modifiability as a Tool for the Functionalization and Patterning of Technical Surfaces},
  author={Weinert, Ulrike and Pollmann, Katrin and Barkleit, Astrid and Vogel, Manja and G{\"u}nther, Tobias and Raff, Johannes},
  journal={Molecules},
  Shortjournal = {Molecules},
  volume={20},
  number={6},
  pages={9847--9861},
  year={2015},
  publisher={Multidisciplinary Digital Publishing Institute}
}
@article{bingle1993all,
  title={An ``all-purpose" cellulase reporter for gene fusion studies and application to the paracrystalline surface S-layer protein of \textit{Caulobacter crescentus}},
  author={Bingle, Wade H and Kurtz Jr, Harry D and Smit, John},
  journal={Canadian journal of microbiology},
  Shortjournal = {Can J Microbiol},
  volume={39},
  number={1},
  pages={70--80},
  year={1993},
  publisher={NRC Research Press}
}
@article{nomellini2010development,
  title={Development of an HIV-1 specific microbicide using \textit{Caulobacter crescentus} S-layer mediated display of CD4 and MIP1alpha},
  author={Nomellini, John F and Li, Carmen and Lavallee, Danielle and Shanina, Iryna and Cavacini, Lisa A and Horwitz, Marc S and Smit, John},
  journal={PLoS one},
  Shortjournal = {PLoS One},
  volume={5},
  number={4},
  pages={e10366},
  year={2010},
  publisher={Public Library of Science}
}
@article{patel2010genetic,
  title={Genetic engineering of \textit{Caulobacter crescentus} for removal of cadmium from water},
  author={Patel, Jigar and Zhang, Qiong and McKay, R Michael L and Vincent, Robert and Xu, Zhaohui},
  journal={Applied biochemistry and biotechnology},
  Shortjournal = {App Biochem Biotech},
  volume={160},
  number={1},
  pages={232--243},
  year={2010},
  publisher={Springer}
}
@article{ucisik2015s,
  title={S-layer fusion protein as a tool functionalizing emulsomes and CurcuEmulsomes for antibody binding and targeting},
  author={Ucisik, Mehmet H and K{\"u}pc{\"u}, Seta and Breitwieser, Andreas and Gelbmann, Nicola and Schuster, Bernhard and Sleytr, Uwe B},
  journal={Colloids and Surfaces B: Biointerfaces},
  Shortjournal = {Colloid Surface B},
  volume={128},
  pages={132--139},
  year={2015},
  publisher={Elsevier}
}
@article{schuster2000s,
  title={S-layer-supported lipid membranes},
  author={Schuster, Bernhard and Sleytr, Uwe B},
  journal={Reviews in Molecular Biotechnology},
  volume={74},
  Shortjournal = {Rev Molec Biotech},
  number={3},
  pages={233--254},
  year={2000},
  publisher={Elsevier}
}
@article{ilk2011s,
  title={S-layer fusion proteins---construction principles and applications},
  author={Ilk, Nicola and Egelseer, Eva M and Sleytr, Uwe B},
  journal={Current opinion in biotechnology},
  Shortjournal = {Curr Opinion Biotech},
  volume={22},
  number={6},
  pages={824--831},
  year={2011},
  publisher={Elsevier}
}
@article{holland2005type,
  title={Type 1 protein secretion in bacteria, the ABC-transporter dependent pathway (review)},
  author={Holland, I Barry and Schmitt, Lutz and Young, Joanne},
  journal={Molecular membrane biology},
  volume={22},
  number={1-2},
  pages={29--39},
  year={2005},
  publisher={Informa UK Ltd UK}
}
@article{kelley2015phyre2,
  title={The Phyre2 web portal for protein modeling, prediction and analysis},
  author={Kelley, Lawrence A and Mezulis, Stefans and Yates, Christopher M and Wass, Mark N and Sternberg, Michael JE},
  journal={Nature protocols},
  Shortjournal = {Nature Protocols},
  volume={10},
  number={6},
  pages={845--858},
  year={2015},
  publisher={Nature Publishing Group}
}
@article{umelo2001development,
  title={Development of small high-copy-number plasmid vectors for gene expression in \textit{Caulobacter crescentus}},
  author={Umelo-Njaka, Elizabeth and Nomellini, John F and Yim, Harry and Smit, John},
  journal={Plasmid},
  Shortjournal = {Plasmid},
  volume={46},
  number={1},
  pages={37--46},
  year={2001},
  publisher={Elsevier}
}
@article{dauter2000novel,
  title={Novel approach to phasing proteins: derivatization by short cryo-soaking with halides},
  author={Dauter, Zbigniew and Dauter, Miroslawa and Rajashankar, KR},
  journal={Acta Crystallographica Section D: Biological Crystallography},
  Shortjournal = {Acta Crystallogr D},
  volume={56},
  number={2},
  pages={232--237},
  year={2000},
  publisher={International Union of Crystallography}
}
@article{mcpherson2004introduction,
  title={Introduction to protein crystallization},
  author={McPherson, Alexander},
  journal={Methods},
  Shortjournal = {Methods},
  volume={34},
  number={3},
  pages={254--265},
  year={2004},
  publisher={Elsevier}
}
@article{stenutz2006structures,
  title={The structures of \textit{Escherichia coli} O-polysaccharide antigens},
  author={Stenutz, Roland and Weintraub, Andrej and Widmalm, G{\"o}ran},
  journal={FEMS microbiology reviews},
 Shortjournal = {FEMS Microbiol Rev},
 volume={30},
  number={3},
  pages={382--403},
  year={2006},
  publisher={The Oxford University Press}
}
@article{ardissone2014cell,
  title={Cell cycle constraints on capsulation and bacteriophage susceptibility},
  author={Ardissone, Silvia and Fumeaux, Coralie and Berg{\'e}, Matthieu and Beaussart, Audrey and Th{\'e}raulaz, Laurence and Radhakrishnan, Sunish Kumar and Dufr{\^e}ne, Yves F and Viollier, Patrick H},
  journal={eLife},
  Shortjournal = {eLife},
  volume={3},
  pages={e03587},
  year={2014},
  publisher={eLife Sciences Publications Limited}
}
@article{islam1998had,
  title={HAD, a data bank of heavy-atom binding sites in protein crystals: a resource for use in multiple isomorphous replacement and anomalous scattering},
  author={Islam, Suhail A and Carvin, David and Sternberg, MJE and Blundell, TL},
  journal={Acta Crystallographica Section D: Biological Crystallography},
  Shortjournal = {Acta Crystallgr D},
  volume={54},
  number={6},
  pages={1199--1206},
  year={1998},
  publisher={International Union of Crystallography}
}
@article{jore2011structural,
  title={Structural basis for \textcs{crispr} RNA-guided DNA recognition by Cascade},
  author={Jore, Matthijs M and Lundgren, Magnus and van Duijn, Esther and Bultema, Jelle B and Westra, Edze R and Waghmare, Sakharam P and Wiedenheft, Blake and Pul, {\"U}mit and Wurm, Reinhild and Wagner, Rolf and others},
  journal={Nature structural \& molecular biology},
  Shortjournal = {Nature Struc \& Biol},
  volume={18},
  number={5},
  pages={529--536},
  year={2011},
  publisher={Nature Publishing Group}
}
@article{nakae1976outer,
  title={Outer membrane of \textit{Salmonella}. Isolation of protein complex that produces transmembrane channels.},
  author={Nakae, T},
  journal={Journal of Biological Chemistry},
  Shortjournal = {J Biol Chem},
  volume={251},
  number={7},
  pages={2176--2178},
  year={1976},
  publisher={ASBMB}
}
@article{benz1988structure,
  title={Structure and function of porins from gram-negative bacteria},
  author={Benz, Ronald},
  journal={Annual Reviews in Microbiology},
  Shortjournal = {Ann Rev Micrbiol},
  volume={42},
  number={1},
  pages={359--393},
  year={1988}
}
@article{im2002ion,
  title={Ion permeation and selectivity of OmpF porin: a theoretical study based on molecular dynamics, Brownian dynamics, and continuum electrodiffusion theory},
  author={Im, Wonpil and Roux, Beno{\i}t},
  journal={Journal of Molecular Biology},
  Shortjournal = {J Mol Biol},
  volume={322},
  number={4},
  pages={851--869},
  year={2002},
  publisher={Elsevier}
}
@article{hancock1987role,
  title={Role of porins in outer membrane permeability.},
  author={Hancock, RE},
  journal={Journal of Bacteriology},
 Shortjournal = {J Bacteriol},
 volume={169},
  number={3},
  pages={929},
  year={1987}
}
@article{nikaido1983porin,
  title={Porin channels in Escherichia coli: studies with liposomes reconstituted from purified proteins.},
  author={Nikaido, Hiroshi and Rosenberg, Emiko Y},
  journal={Journal of Bacteriology},
  Shortjournal = {J Bacteriol},
  volume={153},
  number={1},
  pages={241--252},
  year={1983},
  publisher={Am Soc Microbiol}
}
@article{lohmiller2008tonb,
  title={TonB-dependent maltose transport by \textit{Caulobacter crescentus}},
  author={Lohmiller, S and Hantke, K and Patzer, SI and Braun, V},
  journal={Microbiology},
  Shortjournal = {Microbiology},
  volume={154},
  number={6},
  pages={1748--1754},
  year={2008},
  publisher={Soc General Microbiol}
}
@article{jones2015core,
  title={The core and O-polysaccharide structure of the \textit{Caulobacter crescentus} lipopolysaccharide},
  author={Jones, Michael D and Vinogradov, Evgeny and Nomellini, John F and Smit, John},
  journal={Carbohydrate research},
  Shortjournal = {Carbo Res},
  volume={402},
  pages={111--117},
  year={2015},
  publisher={Elsevier}
}